@report{ATLAS-QT-Belfkir,
    address      = {Geneva},
    author       = {Belfkir, Mohamed and Jezequel, Stephane},
    institution  = {CERN},
    month        = {Oct},
    reportnumber = {ATL-COM-PHYS-2020-763},
    title        = {{Photon identification with Convolutional Neural Network
                    (CNN) using electromagnetic calorimeter cells}},
    url          = {https://cds.cern.ch/record/2743082},
    year         = {2020}
}

@report{ATLAS-FudgeFactorsTUNE22-2017,
    address      = {Geneva},
    author       = {Mistry, Khilesh and Fanti, Marcello and Huang, Yanping and
                    Williams, Hugh and Berger, Nicolas and Delmastro, Marco and
                    Brendlinger, Kurt},
    institution  = {CERN},
    month        = {Apr},
    reportnumber = {ATL-COM-PHYS-2017-363},
    title        = {{Data-MC shower shape comparisons:  Supporting documentation for the Photon identification in 2015 and 2016 ATLAS data}},
    url          = {https://cds.cern.ch/record/2258832},
    year         = {2017}
}