@thesis{thesis_khandoga,
    annote = {Presented 22 Sep 2020},
    author = {Khandoga, Mykola},
    title  = {{Calibration of electron shower shapes, hadronic recoil reconstruction using deep learning algorithms and the measurement of W boson transverse momentum distribution with the ATLAS detector}},
    url    = {https://cds.cern.ch/record/2752635},
    year   = {2020}
}

@phdthesis{tesis_tincho,
    author = {Tripiana, Martín},
    school = {Universidad Nacional de La Plata},
    title  = {{Medida de la sección eficaz de producción de fotones directos aislados en colisiones pp a $\sqrt{s}=7$ TeV en el experimento ATLAS}},
    url    = {https://cds.cern.ch/record/1433788},
    year   = {2012}
}

@phdthesis{tesis_alonso,
    author = {Alonso, Francisco},
    school = {Universidad Nacional de La Plata},
    title  = {{Búsqueda de Supersimetría en eventos con un fotón, jets y energía faltante con el detector ATLAS}},
    url    = {https://cds.cern.ch/record/2147473},
    year   = {2016}
}

@thesis{tesis_vasco,
    author = {Anduaga, Xabier},
    school = {Universidad Nacional de La Plata},
    title  = {{Búsqueda de Dimensiones Espaciales Extras: Estudio del Estado Final de Dos Fotones en el Experimento ATLAS}},
    url    = {https://cds.cern.ch/record/1433401},
    year   = {2012}
}

@phdthesis{tesis_joaco,
    author = {Hoya, Joaquín},
    school = {Universidad Nacional de La Plata},
    title  = {{Búsqueda de supersimetría en el detector ATLAS (CERN-LHC)}},
    url    = {http://sedici.unlp.edu.ar/handle/10915/95514},
    year   = {2020}
}

@phdthesis{tesis_tony,
    author = {Arduh, Francisco Anuar},
    school = {Universidad Nacional de La Plata},
    title  = {{Búsqueda de supersimetría en procesos con un fotón, electrón/muón y energía perdida en estado final con el detector ATLAS del LHC}},
    url    = {http://sedici.unlp.edu.ar/handle/10915/73677},
    year   = {2018}
}

@phdthesis{tesis_fer,
    author = {Monticelli, Fernando Gabriel},
    school = {Universidad Nacional de La Plata},
    title  = {{Producción de $J/\Psi\to e^+e^-$ en ATLAS a $\sqrt{s}=7$ TeV}},
    url    = {http://sedici.unlp.edu.ar/handle/10915/73677},
    year   = {2011}
}

@phdthesis{tesis_hernan,
    author       = {Wahlberg, Hernan Pablo},
    reportnumber = {THESIS-WAHLBERG},
    school       = {Utrecht University},
    title        = {{Bottom Production at $\sqrt{s}$ = 41.6 GeV}},
    year         = {2005}
}

@mastersthesis{tesis_gonza,
    author = {Orellana, Gonzalo Enrique},
    school = {Universidad Nacional de La Plata},
    title  = {{Estudios de fondos de electrones reconstruidos como fotones en búsquedas de supersimetría con el detector ATLAS}},
    url    = {http://sedici.unlp.edu.ar/handle/10915/89752},
    year   = {2017}
}

@phdthesis{tesis_jose,
    author = {Alconada Verzini, María Josefina},
    school = {Universidad Nacional de La Plata},
    title  = {{Estudio de las propiedades del bosón de Higgs en el canal $H\to\gamma\gamma$ con el detector ATLAS del LHC}},
    url    = {http://sedici.unlp.edu.ar/handle/10915/60323},
    year   = {2018}
}
